@inbook{rich1983artificial,
  title={Artificial Intelligence (McGraw-Hill series in artificial intelligence)},
  author={Rich, Elaine},
  year={1983},
  publisher={McGraw-Hill New York}
}

@inproceedings{kaelbling2001learning,
  title={Learning in worlds with objects},
  author={Kaelbling, Leslie Pack and Oates, Tim and Hernandez, Natalia and Finney, Sarah},
  booktitle={Working Notes of the AAAI Stanford Spring Symposium on Learning Grounded Representations},
  pages={31--36},
  year={2001}
}

@misc{miller2009sort,
  author = "Evan Miller",
  title  = "How not to sort by average rating",
  year = 2009,
  howpublished = "\url{http://www.evanmiller.org/how-not-to-sort-by-average-rating.html}",
  note = "[Online; accessed: Jan. 29th, 2019]"
}

@misc{turtlebot,
  howpublished = "\url{https://www.turtlebot.com/}"

}

@misc{reactrospackage,
  author       = {Evan Flynn},
  howpublished = "\url{https://www.npmjs.com/package/react-ros}",
  title        = {react-ros},
  year = 2021
}

@misc{roslibjs_robotwebtools,
  author       = {RobotWebTools},
  howpublished = "\url{https://github.com/RobotWebTools/roslibjs}",
  title        = {roslibjs},
  year         = {2022}
}

@misc{reactframework,
  author       = {Facebook},
  howpublished = "\url{https://reactjs.org}",
  title        = {React},
  year         = {2022}
}

@misc{rosbridgepackage,
  author       = {RobotWebTools},
  howpublished = "\url{http://wiki.ros.org/rosbridge_server}",
  title        = {rosbridge},
  year         = {2013}
}

@misc{reactbootstrap,
  author       = {ReactBootstrap},
  howpublished = "\url{https://react-bootstrap.github.io}",
  title        = {React Bootstrap},
  year         = {2022}
}

@misc{foxyglove_rosbridge_tut,
  author       = {Esther Weon},
  howpublished = "\url{https://foxglove.dev/blog/using-rosbridge-with-ros2}",
  title        = {Using Rosbridge with ROS 2},
  year         = {2022}
}

<<<<<<< HEAD
@misc{omg_dds,
  author       = {OMG},
  howpublished = "\url{https://www.omg.org/spec/DDS/About-DDS/}",
  title        = {About DDS},
  year         = {2022}
}

@misc{ros,
  author       = {ROS},
  howpublished = "\url{www.ros.org}",
  title        = {Robot Operating System},
  year         = {2022}
}

@misc{ros2_concepts,
  author       = {Macenski},
  title        = {Robot Operating System 2: Design, architecture, and uses in the wild},
  howpublished = "Science Robotics vol. 7",
  year         = {2022}
}

@misc{esp_idf,
  author       = {Espressif},
  howpublished = "\url{https://docs.espressif.com/projects/esp-idf/en/latest/esp32/get-started/index.html}",
  title        = {ESP-IDF},
  year         = {2022}
}

@misc{micro_ros,
  author       = {eProsima},
  howpublished = "\url{https://micro.ros.org}",
  title        = {Micro-Ros},
  year         = {2022}
}

@misc{micro_ros_concepts,
  author       = {eProsima},
  howpublished = "\url{https://micro.ros.org/docs/concepts/client_library/introduction/}",
  title        = {Micro-ROS Concepts},
  year         = {2022}
}

@misc{docker_best_practices,
  author       = {Docker},
  howpublished = "\url{https://docs.docker.com/develop/develop-images/dockerfile_best-practices/}",
  title        = {Docker Best-Practices},
  year         = {2022}
}

@misc{freertos,
  author       = {freeRTOS},
  howpublished = "\url{https://www.freertos.org/}",
  title        = {freeRTOS},
  year         = {2022}
}

@misc{robotik_konradin,
  author       = {Konradin},
  howpublished = "\url{https://automationspraxis.industrie.de/robotik/vom-roboter-bis-robotik-grundlagen-und-trends/}",
  title        = {Robotik: Was man rund um Roboter wissen muss},
  year         = {2022}
}

@misc{raspberry_pi,
  author       = {Raspberry-Pi-Foundation},
  howpublished = "\url{https://www.raspberrypi.org/}",
  title        = {Raspberry Pi},
  year         = {2022}
}

@misc{esp32,
  author       = {Espressif},
  howpublished = "\url{https://www.espressif.com/en/products/socs/esp32}",
  title        = {ESP-32},
  year         = {2022}
}

@misc{arduino,
  author       = {Arduino},
  howpublished = "\url{https://www.arduino.cc/}",
  title        = {Arduino},
  year         = {2018}
}

@misc{brussel_kristof_goris,
  author       = {Kristof Goris},
  howpublished = "\url{http://mech.vub.ac.be/multibody/final_works/ThesisKristofGoris.pdf}",
  title        = {Autonomous Mobile Robot Mechanical Design},
  year         = {2005}
}